@online{w3tech,
  year  =        2018,
  title =        "Usage Statistics and Market Share of PHP for Websites",
  url =          "https://w3techs.com/technologies/details/pl-php/all/all",
  lastaccessed = "October 1, 2018",
}

@online{debugbar,
  year  =        2018,
  title =        "DebugBar",
  url =          "https://github.com/barryvdh/laravel-debugbar",
  lastaccessed = "October 1, 2018",
}

@online{siteleave,
  year  =        2018,
  title =        "Google: 53\% of mobile users abandon sites that take over 3 seconds to load",
  url =          "https://www.marketingdive.com/news/google-53-of-mobile-users-abandon-sites-that-take-over-3-seconds-to-load/426070/",
  lastaccessed = "October 1, 2018",
}

@online{composer,
  year  =        2018,
  title =        "Composer",
  url =          "https://getcomposer.org/",
  lastaccessed = "October 1, 2018",
}

@online{MonicaPagination,
  year  =        2018,
  title =        "Pagination on Monicas's people page",
  url = "https://github.com/monicahq/monica/issues/1992",
  lastaccessed = "November 2, 2018",
}

@online{debugbarpackage,
  year  =        2018,
  title =        "DebugBar Composer Package",
  url =          "https://packagist.org/packages/barryvdh/laravel-debugbar",
  lastaccessed = "October 1, 2018",
}

@online{laravel,
  year  =        2018,
  title =        "Laravel",
  url =          "https://github.com/laravel/laravel",
  lastaccessed = "October 1, 2018",
}

@online{monica,
  year  =        2018,
  title =        "Monica",
  url =          "https://github.com/monicahq/monica",
  lastaccessed = "December 1, 2018",
}

@online{cachet,
  year  =        2018,
  title =        "Cachet",
  url =          "https://github.com/CachetHQ/Cachet",
  lastaccessed = "December 1, 2018",
}

@online{attendize,
  year  =        2018,
  title =        "Attendize",
  url =          "https://github.com/Attendize/Attendize",
  lastaccessed = "December 1, 2018",
}

@online{telescope,
  year  =        2018,
  title =        "Telescope",
  url =          "https://github.com/laravel/telescope",
  lastaccessed = "December 1, 2018",
}

@online{jmeter,
  year  =        2018,
  title =        "Apache jMeter",
  url =          "https://jmeter.apache.org",
  lastaccessed = "December 1, 2018",
}

@online{seeding,
  year  =        2018,
  title =        "Database Seeding",
  url =          "https://en.wikipedia.org/wiki/Database_seeding",
  lastaccessed = "December 1, 2018",
}

@online{laravelseeding,
  year  =        2018,
  title =        "Database: Seeding - Laravel",
  url =          "https://laravel.com/docs/5.7/seeding",
  lastaccessed = "December 1, 2018",
}

@online{randomuser,
  year  =        2018,
  title =        "Random User Generator: A free, open-source API for generating random user data. Like Lorem Ipsum, but for people.",
  url =          "https://randomuser.me",
  lastaccessed = "December 1, 2018",
}

@online{randomuserdoc,
  year  =        2018,
  title =        "Random User Generator Documentation",
  url =          "https://randomuser.me/documentation",
  lastaccessed = "December 1, 2018",
}

@online{prseedmonica,
  year  =        2018,
  author =       "Adrien Poupa",
  title =        "fix: Make FakeContentTableSeeder runnable several times",
  url =          "https://github.com/monicahq/monica/pull/2099",
  lastaccessed = "November 25, 2018",
}

@online{prpeoplemonica,
  year  =        2018,
  author =       "Adrien Poupa",
  title =        "feat: Paginate the Contacts page and improve database performance",
  url =          "https://github.com/monicahq/monica/pull/2135",
  lastaccessed = "November 25, 2018",
}

@online{prdashboardmonica,
  year  =        2018,
  author =       "Adrien Poupa",
  title =        "fix: reduce the number of queries in the dashboard by eager loading the contacts",
  url =          "https://github.com/monicahq/monica/pull/2138",
  lastaccessed = "November 25, 2018",
}

@online{cachetseeder,
  year  =        2018,
  title =        "Cachet/DemoSeederCommand.php at 2.4 CachetHQ/Cachet",
  url =          "https://github.com/CachetHQ/Cachet/blob/2.4/app/Console/Commands/DemoSeederCommand.php",
  lastaccessed = "December 8, 2018",
}

@online{vgt,
  year  =        2018,
  title =        "vue-good-table",
  url =          "https://xaksis.github.io/vue-good-table/",
  lastaccessed = "December 8, 2018",
}

@online{viewcomposer,
  year  =        2018,
  title =        "What is a View Composer in Laravel?",
  url =          "https://vegibit.com/what-is-a-view-composer-in-laravel/",
  lastaccessed = "December 8, 2018",
}

@online{singleton,
  year  =        2018,
  title =        "Executing a View Composer only once",
  url =          "https://laracasts.com/discuss/channels/laravel/executing-a-view-composer-only-once",
  lastaccessed = "December 8, 2018",
}

@online{prcachet,
  year  =        2018,
  author =       "Adrien Poupa",
  title =        "Improve database performance by removing duplicated queries and using eager loading",
  url =          "https://github.com/CachetHQ/Cachet/pull/3357",
  lastaccessed = "December 8, 2018",
}

@online{prattendize,
  year  =        2018,
  author =       "Adrien Poupa",
  title =        "Prevent duplicate queries",
  url =          "https://github.com/Attendize/Attendize/pull/534",
  lastaccessed = "December 9, 2018",
}

@online{middleware,
  year  =        2018,
  title =        "Middleware - Laravel",
  url =          "https://laravel.com/docs/5.7/middleware",
  lastaccessed = "December 9, 2018",
}

@online{pagination,
  year  =        2018,
  title =        "Middleware - Laravel",
  url =          "https://laravel.com/docs/5.7/pagination",
  lastaccessed = "December 9, 2018",
}

@online{eagerloading,
  year  =        2018,
  title =        "Eloquent: Relationships - Laravel",
  url =          "https://laravel.com/docs/5.7/eloquent-relationships#eager-loading",
  lastaccessed = "December 9, 2018",
}

@inproceedings{paper,
 author = {Yang, Junwen and Subramaniam, Pranav and Lu, Shan and Yan, Cong and Cheung, Alvin},
 title = {How Not to Structure Your Database-backed Web Applications: A Study of Performance Bugs in the Wild},
 booktitle = {Proceedings of the 40th International Conference on Software Engineering},
 series = {ICSE '18},
 year = {2018},
 isbn = {978-1-4503-5638-1},
 location = {Gothenburg, Sweden},
 pages = {800--810},
 numpages = {11},
 url = {http://doi.acm.org/10.1145/3180155.3180194},
 doi = {10.1145/3180155.3180194},
 acmid = {3180194},
 publisher = {ACM},
 address = {New York, NY, USA},
 keywords = {bug study, database-backed applications, object-relational mapping frameworks, performance anti-patterns},
} 

@online{paperInefficiencies,
  year  =        2018,
  title =        "Understanding Database Performance Inefficiencies in Real-world Web Applications",
  url =          "https://homes.cs.washington.edu/~congy/study_db.pdf",
}

@online{paperTechniques,
  year  =        2018,
  title =        "A Scalable Technique for Characterizing the Usage of
Temporaries in Framework-intensive Java Applications",
  url =          "http://www-labs.iro.umontreal.ca/~dufour/pubs/fse08.pdf",
}

@online{paperBugs,
  year  =        2018,
  title =        "A Scalable Technique for Characterizing the Usage of Temporaries in Framework-intensive Java Applications",
  url =          "http://pages.cs.wisc.edu/~shanlu/paper/pldi118-jin.pdf",
}

@online{monicaticket204,
  year  =        2017,
  title =        "Database Changes and Optimization",
  url =          "https://github.com/monicahq/monica/issues/204",
}
